<?xml version="1.0" encoding="UTF-8"?><collection xmlns="http://www.loc.gov/MARC21/slim"><record><leader>00438nam--2200133-i-4500</leader><controlfield tag="001">000035720</controlfield><controlfield tag="002">20161230</controlfield><controlfield tag="005">20161230201040</controlfield><controlfield tag="008">060222s1000------------r-----000-0-eng-d</controlfield><datafield ind1=" " ind2=" " tag="080"><subfield code="a">621.375.826:61(061.3)</subfield></datafield><datafield ind1=" " ind2=" " tag="245"><subfield code="a">Optoelektronik in der technik optoelectronic in engineering. vortrage des 6. internationalen kongresses. mit 537 abbildungen</subfield></datafield><datafield ind1=" " ind2=" " tag="260"><subfield code="a">Berlin, Springer-verlag, 1984, Xxii + 680p</subfield></datafield><datafield ind1=" " ind2=" " tag="700"><subfield code="a">Waidelich, W</subfield></datafield><datafield ind1=" " ind2=" " tag="852"><subfield code="a">72626</subfield></datafield></record></collection>